@article{baines2006depths,
title = "To the depths of Venus: Exploring the deep atmosphere and surface of our sister world with Venus Express",
journal = "Planetary and Space Science",
volume = "54",
number = "13-14",
pages = "1263 - 1278",
year = "2006",
note = "The Planet Venus and the Venus Express Mission, The Planet Venus and the Venus Express Mission",
issn = "0032-0633",
doi = "DOI: 10.1016/j.pss.2006.04.034",
url = "http://www.sciencedirect.com/science/article/pii/S0032063306001565",
author = "Kevin H. Baines and Sushil Atreya and Robert W. Carlson and David Crisp and Pierre Drossart and Vittorio Formisano and Sanjay S. Limaye and Wojciech J. Markiewicz and Giuseppe Piccioni",
keywords = "Venus",
keywords = "Venus Express",
keywords = "Near-Infrared Spectroscopy",
keywords = "Dynamics",
keywords = "Chemistry"
}

@article{tsang2009variability,
title = "Variability of CO concentrations in the Venus troposphere from Venus Express/VIRTIS using a Band Ratio Technique",
journal = "Icarus",
volume = "201",
number = "2",
pages = "432 - 443",
year = "2009",
note = "",
issn = "0019-1035",
doi = "DOI: 10.1016/j.icarus.2009.01.001",
url = "http://www.sciencedirect.com/science/article/pii/S0019103509000104",
author = "C.C.C. Tsang and F.W. Taylor and C.F. Wilson and S.J. Liddell and P.G.J. Irwin and G. Piccioni and P. Drossart and S.B. Calcutt",
keywords = "Venus, atmosphere",
keywords = "Abundances, atmospheres",
keywords = "Atmospheres, dynamics",
keywords = "Spectroscopy"
}


@article{marcq2005latitudinal,
title = "Latitudinal variations of CO and OCS in the lower atmosphere of Venus from near-infrared nightside spectro-imaging",
journal = "Icarus",
volume = "179",
number = "2",
pages = "375 - 386",
year = "2005",
note = "",
issn = "0019-1035",
doi = "DOI: 10.1016/j.icarus.2005.06.018",
url = "http://www.sciencedirect.com/science/article/pii/S0019103505002411",
author = "Emmanuel Marcq and Bruno Bézard and Thérèse Encrenaz and Mirel Birlan",
keywords = "Abundances, atmospheres",
keywords = "Infrared observations",
keywords = "Spectroscopy",
keywords = "Venus, atmosphere"
}

@article{marcq2008latitudinal,
  title={A latitudinal survey of CO, OCS, H2O, and SO2 in the lower atmosphere of Venus: Spectroscopic studies using VIRTIS-H},
  author={Marcq, E. and B{\'e}zard, B. and Drossart, P. and Piccioni, G. and Reess, JM and Henry, F.},
  journal={Journal of Geophysical Research},
  volume={113},
  number={E5},
  pages={E00B07},
  year={2008},
  publisher={American Geophysical Union}
}

@article{tsang2010correlations,
  title={Correlations between cloud thickness and sub-cloud water abundance on Venus},
  author={Tsang, C.C.C. and Wilson, C.F. and Barstow, J.K. and Irwin, P.G.J. and Taylor, F.W. and McGouldrick, K. and Piccioni, G. and Drossart, P. and Svedhem, H.},
  journal={Geophysical Research Letters},
  volume={37},
  number={2},
  pages={L02202},
  year={2010},
  publisher={American Geophysical Union}
}


@article{crisp1989nature,
  title={The nature of the near-infrared features on the Venus night side},
  author={Crisp, D. and Sinton, WM and Hodapp, K.W. and Ragent, B. and Gerbault, F. and Goebel, JH and Probst, RG and Allen, DA and Pierce, K. and Stapelfeldt, KR},
  journal={Science},
  volume={246},
  number={4929},
  pages={506},
  year={1989},
  publisher={American Association for the Advancement of Science}
}

@article{tsang2008tropospheric,
  title={Tropospheric carbon monoxide concentrations and variability on Venus from Venus Express/VIRTIS-M observations},
  author={Tsang, C.C.C. and Irwin, P.G.J. and Wilson, C.F. and Taylor, F.W. and Lee, C. and De Kok, R. and Drossart, P. and Piccioni, G. and Bezard, B. and Calcutt, S.},
  journal={Journal of Geophysical Research E},
  volume={113},
  pages={Art--No},
  year={2008},
  publisher={American Geophysical Union}
}

@article{seiff1983thermal,
  title={Thermal structure of the atmosphere of Venus},
  author={Seiff, A.},
  journal={Venus},
  volume={1},
  pages={215--279},
  year={1983}
}


@article{piccioni2009virtis,
  title={VIRTIS: the Visible and Infrared Thermal Imaging Spectrometer},
  author={Piccioni, G. and Drossart, P. and Suetta, E. and Cosi, M. and Ammannito, E. and Barbis, A. and Berlin, R. and Boccaccini, A. and Bonello, G. and Bouy{\'e}, M. and others},
  journal={Eur. Space Agency Spec. Publ},
  volume={114},
  year={2009}
}

@article{pollack1993near,
  title={Near-infrared light from Venus' nightside: A spectroscopic analysis},
  author={Pollack, J.B. and Dalton, J.B. and Grinspoon, D. and Wattson, R.B. and Freedman, R. and Crisp, D. and Allen, D.A. and Bezard, B. and DeBergh, C. and Giver, L.P. and others},
  journal={Icarus},
  volume={103},
  number={1},
  pages={1--42},
  year={1993},
  publisher={Elsevier}
}

@article{collard1993latitudinal,
  title={Latitudinal distribution of carbon monoxide in the deep atmosphere of Venus},
  author={Collard, AD and Taylor, FW and Calcutt, SB and Carlson, RW and Kamp, LW and Baines, KH and Encrenaz, T. and Drossart, P. and Lellouch, E. and B{\'e}zard, B.},
  journal={Planetary and space science},
  volume={41},
  number={7},
  pages={487--494},
  year={1993},
  publisher={Elsevier}
}


@article{crisp1986radiative,
  title={Radiative forcing of the Venus mesosphere:: I. Solar fluxes and heating rates},
  author={Crisp, D.},
  journal={Icarus},
  volume={67},
  number={3},
  pages={484--514},
  year={1986},
  publisher={Elsevier}
}


@article{peralta2010spatial,
  title={Spatial and Temporal distribution of CO2 um NLTE Emission from nadir VIRTIS-H/Venus Express observations},
  author={Peralta, J. and {\'A}ngel, L.V. and others},
  year={2010}
}


@article{grassi2010thermal,
  title={Thermal structure of Venusian nighttime mesosphere as observed by VIRTIS-Venus Express},
  author={Grassi, D. and Migliorini, A. and Montabone, L. and Lebonnois, S. and Cardes{\`\i}n-Moinelo, A. and Piccioni, G. and Drossart, P. and Zasova, LV},
  journal={J. Geophys. Res},
  volume={115},
  year={2010}
}

@article{o2010acceleration,
  title={Acceleration of multiple-scattering, hyperspectral radiative transfer calculations via low-streams interpolation},
  author={O'Dell, C.W.},
  journal={Journal of Geophysical Research},
  volume={115},
  number={D10},
  pages={D10206},
  year={2010},
  publisher={American Geophysical Union}
}

@article{natraj2007fast,
  title={A fast linearized pseudo-spherical two orders of scattering model to account for polarization in vertically inhomogeneous scattering-absorbing media},
  author={Natraj, V. and Spurr, R.J.D.},
  journal={Journal of Quantitative Spectroscopy and Radiative Transfer},
  volume={107},
  number={2},
  pages={263--293},
  year={2007},
  publisher={Elsevier}
}

@article{sanchez2008variable,
  title={Variable winds on Venus mapped in three dimensions},
  author={S{\'a}nchez-Lavega, A. and Hueso, R. and Piccioni, G. and Drossart, P. and Peralta, J. and P{\'e}rez-Hoyos, S. and Wilson, CF and Taylor, FW and Baines, KH and Luz, D. and others},
  journal={Geophys. Res. Lett},
  volume={35},
  year={2008}
}


@book{cox2001allen,
  title={Allen's astrophysical quantities},
  author={Cox, A.N.},
  year={2001},
  publisher={Springer Verlag}
}

@book{chandrasekhar1960radiative,
  title={Radiative transfer},
  author={Chandrasekhar, S.},
  year={1960},
  publisher={Dover Pubns}
}


@article{konopliv1999venus,
  title={Venus Gravity: 180th Degree and Order Model* 1},
  author={Konopliv, AS and Banerdt, WB and Sjogren, WL},
  journal={Icarus},
  volume={139},
  number={1},
  pages={3--18},
  year={1999},
  publisher={Elsevier}
}

@article{cottini2011water,
  title={Water vapor near the cloud tops of Venus from Venus Express/VIRTIS dayside data},
  author={Cottini, V. and Ignatiev, NI and Piccioni, G. and Drossart, P. and Grassi, D. and Markiewicz, WJ},
  journal={Icarus},
  year={2011},
  publisher={Elsevier}
}
