@article{choi2005blind,
  title={Blind source separation and independent component analysis: A review},
  author={Choi, S. and Cichocki, A. and Park, H.M. and Lee, S.Y.},
  journal={Neural Information Processing-Letters and Reviews},
  volume={6},
  number={1},
  pages={1--57},
  year={2005},
  publisher={KAIST Press}
}

@article{parra2003blind,
  title={Blind source separation via generalized eigenvalue decomposition},
  author={Parra, L. and Sajda, P.},
  journal={The Journal of Machine Learning Research},
  volume={4},
  pages={1261--1269},
  year={2003},
  publisher={JMLR. org}
}


